<record><leader>00000cas a22000007a 4500</leader><controlfield tag="001">15206116</controlfield><controlfield tag="008">870217d18771884iauwr ne      0    0eng d</controlfield><datafield ind1=" " ind2=" " tag="010"><subfield code="a">sn 87057363 </subfield></datafield><datafield ind1=" " ind2=" " tag="040"><subfield code="a">INP</subfield><subfield code="b">eng</subfield><subfield code="c">INP</subfield><subfield code="d">OCLCQ</subfield></datafield><datafield ind1=" " ind2=" " tag="042"><subfield code="a">msc</subfield></datafield><datafield ind1="0" ind2="4" tag="245"><subfield code="a">The People's telephone.</subfield></datafield><datafield ind1=" " ind2=" " tag="260"><subfield code="a">Red Oak, Iowa :</subfield><subfield code="b">N.W. Cook &amp; Co.</subfield></datafield><datafield ind1=" " ind2=" " tag="300"><subfield code="a">v. :</subfield><subfield code="b">ill. ;</subfield><subfield code="c">71 cm.</subfield></datafield><datafield ind1=" " ind2=" " tag="310"><subfield code="a">Weekly</subfield></datafield><datafield ind1="1" ind2=" " tag="362"><subfield code="a">Issued Sept. 1877-1884.</subfield><subfield code="z">Cf. Bibl. of Iowa newspapers.</subfield></datafield><datafield ind1=" " ind2=" " tag="588"><subfield code="a">Description based on: Vol. 3, no. 47 (Aug. 4, 1880).</subfield></datafield><datafield ind1=" " ind2=" " tag="752"><subfield code="a">United States</subfield><subfield code="b">Iowa</subfield><subfield code="c">Montgomery</subfield><subfield code="d">Red Oak.</subfield></datafield><datafield ind1="0" ind2="5" tag="780"><subfield code="t">Red Oak new era</subfield><subfield code="w">(DLC)sn 84038394</subfield></datafield></record>